<?xml version="1.0" encoding="UTF-8"?>
<marc:collection xmlns:marc="http://www.loc.gov/MARC21/slim" xmlns:xsi="http://www.w3.org/2001/XMLSchema-instance" xsi:schemaLocation="http://www.loc.gov/MARC21/slim http://www.loc.gov/standards/marcxml/schema/MARC21slim.xsd">
   <marc:record type="Bibliographic">
      <marc:leader>02940cam a2200577 a 4500</marc:leader>
      <marc:controlfield tag="001">614812</marc:controlfield>
      <marc:controlfield tag="003">NjP</marc:controlfield>
      <marc:controlfield tag="005">20160913180316.0</marc:controlfield>
      <marc:controlfield tag="008">901203m19849999ir       b    000 0 ara d</marc:controlfield>
      <marc:datafield tag="024" ind1="7" ind2=" ">
         <marc:subfield code="a">princeton_aco001130</marc:subfield>
         <marc:subfield code="2">local</marc:subfield>
      </marc:datafield>
      <marc:datafield tag="035" ind1=" " ind2=" ">
         <marc:subfield code="a">(OCoLC)83374705</marc:subfield>
      </marc:datafield>
      <marc:datafield tag="035" ind1=" " ind2=" ">
         <marc:subfield code="a">(OCoLC)ocn176031955</marc:subfield>
      </marc:datafield>
      <marc:datafield tag="035" ind1=" " ind2=" ">
         <marc:subfield code="a">(OCoLC)176031955</marc:subfield>
      </marc:datafield>
      <marc:datafield tag="035" ind1=" " ind2=" ">
         <marc:subfield code="a">(CStRLIN)NJPG90-B54223</marc:subfield>
      </marc:datafield>
      <marc:datafield tag="035" ind1=" " ind2=" ">
         <marc:subfield code="9">ACV0929TS</marc:subfield>
      </marc:datafield>
      <marc:datafield tag="035" ind1=" " ind2=" ">
         <marc:subfield code="a">(NjP)614812</marc:subfield>
      </marc:datafield>
      <marc:datafield tag="040" ind1=" " ind2=" ">
         <marc:subfield code="a">NjP</marc:subfield>
         <marc:subfield code="c">PUL</marc:subfield>
         <marc:subfield code="d">PUL</marc:subfield>
      </marc:datafield>
      <marc:datafield tag="049" ind1=" " ind2=" ">
         <marc:subfield code="a">PULL</marc:subfield>
      </marc:datafield>
      <marc:datafield tag="079" ind1=" " ind2=" ">
         <marc:subfield code="a">ocm83374705</marc:subfield>
      </marc:datafield>
      <marc:datafield tag="100" ind1="1" ind2=" ">
         <marc:subfield code="6">880-01</marc:subfield>
         <marc:subfield code="a">Khūʼī, Abū al-Qāsim ibn ʻAlī Akbar,</marc:subfield>
         <marc:subfield code="d">1899-</marc:subfield>
      </marc:datafield>
      <marc:datafield tag="240" ind1="1" ind2="0">
         <marc:subfield code="6">880-02</marc:subfield>
         <marc:subfield code="a">Nikāḥ</marc:subfield>
      </marc:datafield>
      <marc:datafield tag="245" ind1="1" ind2="0">
         <marc:subfield code="6">880-03</marc:subfield>
         <marc:subfield code="a">Kitāb al-Nikāḥ :</marc:subfield>
         <marc:subfield code="b">taqrīr al-baḥth Āyat Allāh al-ʻUẓmá al-Sayyid Abū al-Qāsim al-Mūsawī al-Khūʼī ... /</marc:subfield>
         <marc:subfield code="c">[taʼlīf Muḥammad Taqī al-Khūʼī].</marc:subfield>
      </marc:datafield>
      <marc:datafield tag="260" ind1=" " ind2=" ">
         <marc:subfield code="6">880-04</marc:subfield>
         <marc:subfield code="a">[Qum] :</marc:subfield>
         <marc:subfield code="b">Luṭfī,</marc:subfield>
         <marc:subfield code="c">1984?-</marc:subfield>
      </marc:datafield>
      <marc:datafield tag="300" ind1=" " ind2=" ">
         <marc:subfield code="a">v. ;</marc:subfield>
         <marc:subfield code="c">25 cm.</marc:subfield>
      </marc:datafield>
      <marc:datafield tag="440" ind1=" " ind2="0">
         <marc:subfield code="6">880-05</marc:subfield>
         <marc:subfield code="a">Manshūrāt madrasat Dār al-ʻIlm ;</marc:subfield>
         <marc:subfield code="v">6, 9</marc:subfield>
      </marc:datafield>
      <marc:datafield tag="490" ind1="1" ind2=" ">
         <marc:subfield code="6">880-06</marc:subfield>
         <marc:subfield code="a">Mustanad al-ʻUrwah al-wuthqá</marc:subfield>
      </marc:datafield>
      <marc:datafield tag="490" ind1="1" ind2=" ">
         <marc:subfield code="6">880-07</marc:subfield>
         <marc:subfield code="a">Mabānī al-ʻUrwah al-wuthqá</marc:subfield>
      </marc:datafield>
      <marc:datafield tag="500" ind1=" " ind2=" ">
         <marc:subfield code="a">Cover title.</marc:subfield>
      </marc:datafield>
      <marc:datafield tag="504" ind1=" " ind2=" ">
         <marc:subfield code="a">Includes bibliographical references.</marc:subfield>
      </marc:datafield>
      <marc:datafield tag="600" ind1="1" ind2="0">
         <marc:subfield code="6">880-08</marc:subfield>
         <marc:subfield code="a">Ṭabāṭabāʼī al-Yazdī, Muḥammad Kāẓim,</marc:subfield>
         <marc:subfield code="d">-1919.</marc:subfield>
         <marc:subfield code="t">ʻUrwah al-wuthqá.</marc:subfield>
      </marc:datafield>
      <marc:datafield tag="650" ind1=" " ind2="0">
         <marc:subfield code="a">Islamic law</marc:subfield>
         <marc:subfield code="x">Interpretation and construction.</marc:subfield>
         <marc:subfield code="0">(uri)http://id.loc.gov/authorities/subjects/sh85068455</marc:subfield>
      </marc:datafield>
      <marc:datafield tag="650" ind1=" " ind2="0">
         <marc:subfield code="a">Marriage (Islamic law)</marc:subfield>
         <marc:subfield code="0">(uri)http://id.loc.gov/authorities/subjects/sh85081448</marc:subfield>
      </marc:datafield>
      <marc:datafield tag="700" ind1="1" ind2=" ">
         <marc:subfield code="6">880-09</marc:subfield>
         <marc:subfield code="a">Khūʼī, Muḥammad Taqī.</marc:subfield>
      </marc:datafield>
      <marc:datafield tag="740" ind1="0" ind2=" ">
         <marc:subfield code="6">880-10</marc:subfield>
         <marc:subfield code="a">Nikāḥ.</marc:subfield>
      </marc:datafield>
      <marc:datafield tag="800" ind1="1" ind2=" ">
         <marc:subfield code="6">880-11</marc:subfield>
         <marc:subfield code="a">Khūʼī, Abū al-Qāsim ibn ʻAlī Akbar,</marc:subfield>
         <marc:subfield code="d">1899-</marc:subfield>
         <marc:subfield code="t">Mustanad al-ʻUrwah al-wuthqá.</marc:subfield>
      </marc:datafield>
      <marc:datafield tag="800" ind1="1" ind2=" ">
         <marc:subfield code="6">880-12</marc:subfield>
         <marc:subfield code="a">Khūʼī, Abū al-Qāsim ibn ʻAlī Akbar,</marc:subfield>
         <marc:subfield code="d">1899-</marc:subfield>
         <marc:subfield code="t">Mabānī al-ʻUrwah al-wuthqá.</marc:subfield>
      </marc:datafield>
      <marc:datafield tag="880" ind1="1" ind2=" ">
         <marc:subfield code="6">100-01/r</marc:subfield>
         <marc:subfield code="a">خوئي، ابو القاسم بن علي اكبر،</marc:subfield>
         <marc:subfield code="d">1899-</marc:subfield>
      </marc:datafield>
      <marc:datafield tag="880" ind1="1" ind2="0">
         <marc:subfield code="6">240-02/r</marc:subfield>
         <marc:subfield code="a">نكاح</marc:subfield>
      </marc:datafield>
      <marc:datafield tag="880" ind1="1" ind2="0">
         <marc:subfield code="6">245-03/r</marc:subfield>
         <marc:subfield code="a">كتاب النكاح :</marc:subfield>
         <marc:subfield code="b">تقرير البحث آية الله العظمى السيد ابو القاسم الموسوي الخوئي ... /</marc:subfield>
         <marc:subfield code="c">[تأليف محمد تقي الخوئي].</marc:subfield>
      </marc:datafield>
      <marc:datafield tag="880" ind1=" " ind2=" ">
         <marc:subfield code="6">260-04/r</marc:subfield>
         <marc:subfield code="a">[قم] :</marc:subfield>
         <marc:subfield code="b">لطفي،</marc:subfield>
         <marc:subfield code="c">1984؟</marc:subfield>
      </marc:datafield>
      <marc:datafield tag="880" ind1=" " ind2="0">
         <marc:subfield code="6">440-05/r</marc:subfield>
         <marc:subfield code="a">منشورات مدرسة دار العلم ؛</marc:subfield>
         <marc:subfield code="v">6، 9</marc:subfield>
      </marc:datafield>
      <marc:datafield tag="880" ind1="1" ind2=" ">
         <marc:subfield code="6">490-06/r</marc:subfield>
         <marc:subfield code="a">مستند العروة الوثقى</marc:subfield>
      </marc:datafield>
      <marc:datafield tag="880" ind1="1" ind2=" ">
         <marc:subfield code="6">490-07/r</marc:subfield>
         <marc:subfield code="a">مباني العروة الوثقى</marc:subfield>
      </marc:datafield>
      <marc:datafield tag="880" ind1="1" ind2="4">
         <marc:subfield code="6">600-08/r</marc:subfield>
         <marc:subfield code="a">طباطبائي اليزدي، محمد كاظم،</marc:subfield>
         <marc:subfield code="d">-1919.</marc:subfield>
         <marc:subfield code="t">عروة الوثقى.</marc:subfield>
      </marc:datafield>
      <marc:datafield tag="880" ind1="1" ind2=" ">
         <marc:subfield code="6">700-09/r</marc:subfield>
         <marc:subfield code="a">خوئي، محمد تقي.</marc:subfield>
      </marc:datafield>
      <marc:datafield tag="880" ind1="0" ind2=" ">
         <marc:subfield code="6">740-10/r</marc:subfield>
         <marc:subfield code="a">نكاح.</marc:subfield>
      </marc:datafield>
      <marc:datafield tag="880" ind1="1" ind2=" ">
         <marc:subfield code="6">800-11/r</marc:subfield>
         <marc:subfield code="a">خوئي، ابو القاسم بن علي اكبر،</marc:subfield>
         <marc:subfield code="d">1899-</marc:subfield>
         <marc:subfield code="t">مستند العروة الوثقى.</marc:subfield>
      </marc:datafield>
      <marc:datafield tag="880" ind1="1" ind2=" ">
         <marc:subfield code="6">800-12/r</marc:subfield>
         <marc:subfield code="a">خوئي، ابو القاسم بن علي اكبر،</marc:subfield>
         <marc:subfield code="d">1899-</marc:subfield>
         <marc:subfield code="t">مباني العروة الوثقى.</marc:subfield>
      </marc:datafield>
      <marc:datafield tag="998" ind1=" " ind2=" ">
         <marc:subfield code="a">12/04/90</marc:subfield>
         <marc:subfield code="s">9114</marc:subfield>
         <marc:subfield code="n">NjP</marc:subfield>
         <marc:subfield code="w">NJPG90B54223</marc:subfield>
         <marc:subfield code="d">12/03/90</marc:subfield>
         <marc:subfield code="c">JAB</marc:subfield>
         <marc:subfield code="b">JAB</marc:subfield>
         <marc:subfield code="i">901204</marc:subfield>
         <marc:subfield code="l">NJPG</marc:subfield>
      </marc:datafield>
      <marc:datafield tag="911" ind1=" " ind2=" ">
         <marc:subfield code="a">19921028</marc:subfield>
      </marc:datafield>
      <marc:datafield tag="912" ind1=" " ind2=" ">
         <marc:subfield code="a">19980515040533.0</marc:subfield>
      </marc:datafield>
      <marc:datafield tag="994" ind1=" " ind2=" ">
         <marc:subfield code="a">C0</marc:subfield>
         <marc:subfield code="b">PUL</marc:subfield>
      </marc:datafield>
      <marc:datafield tag="999" ind1=" " ind2=" ">
         <marc:subfield code="a">614812</marc:subfield>
      </marc:datafield>
   </marc:record>
</marc:collection>
